@BOOK{lauesen,
		AUTHOR = {Soren Lauesen},
		TITLE = {User Interface Design; A software Engineering Perspective},
		PUBLISHER = {Pearson Education Ltd.},
		YEAR = {2005},
		ADDRESS = {Essex}
	}
	
@MISC{nielsen_metrics,
	AUTHOR = {Jakob Nielsen},
	TITLE = {Alert box January 21, 2001: Usability Metrics},
	NOTE = {\url{http://www.useit.com/alertbox/20010121.html}
}